@misc{EclipseAndroid,
author = {Renald Boulestin},
title = {{Google arrête le support d'Android Developper Tools d'Eclipse}},
howpublished = "\url{http://www.itespresso.fr/google-arrete-support-android-developer-tools-eclipse-100014.html}",
year = {30/06/2015}
}

@misc{Apache,
author = {Apache Foundation},
title = {{Licence Apache}},
howpublished = "\url{http://www.apache.org/licenses/LICENSE-2.0}",
year = {01/2004}
}
 
@misc{Navirando,
author = {Arnaud Bouvier},
title = {{Un GPS pour guider les aveugles en randonnée}},
howpublished = "\url{https://informations.handicap.fr/art-gps-experimental-aveugle-865-7828.php}",
year = {30/06/2015}
}

@misc{Mockito,
author = {Aurélien Garnier},
title = {{Mockito ou comment faciliter l’écriture de tests unitaires}},
howpublished = "\url{http://blog.soat.fr/2013/07/mockito-ou-comment-faciliter-lecriture-de-tests-unitaires/}",
year = {07/2013}
}

@misc{BDD,
author = {Frédéric Espiau},
title = {{Créez des applications pour Android, chapitre "Les base de données"}},
howpublished = "\url{https://openclassrooms.com/courses/creez-des-applications-pour-android/les-bases-de-donnees-5}",
year = {15/10/2015}
}